@inproceedings{cui2019multimodal,
  title={Multimodal trajectory predictions for autonomous driving using deep convolutional networks},
  author={Cui, H. and Radosavljevic, V. and others},
  booktitle={2019 IEEE International Conference on Robotics and Automation (ICRA)},
  year={2019},
}

@inproceedings{exiDdataset,
    title={The exiD Dataset: A Real-World Trajectory Dataset of Highly Interactive Highway Scenarios in Germany},
    author={Moers, Tobias and Vater, Lennart and Krajewski, Robert and Bock, Julian and Zlocki, Adrian and Eckstein, Lutz},
    booktitle={2022 IEEE Intelligent Vehicles Symposium (IV)},
    pages={958-964},
    year={2022},
    doi={10.1109/IV51971.2022.9827305}
}
@inproceedings{inDdataset,
    title={The inD Dataset: A Drone Dataset of Naturalistic Road User Trajectories at German Intersections},
    author={Bock, Julian and Krajewski, Robert and Moers, Tobias and Runde, Steffen and Vater, Lennart and Eckstein, Lutz},
    booktitle={2020 IEEE Intelligent Vehicles Symposium (IV)},
    pages={1929-1934},
    year={2019},
    doi={10.1109/IV47402.2020.9304839}
}

@inproceedings{rounDdataset,
    title={The rounD Dataset: A Drone Dataset of Road User Trajectories at Roundabouts in Germany},
    author={Krajewski, Robert and Moers, Tobias and Bock, Julian and Vater, Lennart and Eckstein, Lutz},
    booktitle={2020 IEEE 23rd International Conference on Intelligent Transportation Systems (ITSC)},
    year={2020},
    doi={10.1109/ITSC45102.2020.9294728}
}

@misc{repo:drone-dataset-tool,
    author = {ika-rwth-aachen},
    title = {drone-dataset-tool},
    year = {2022},
    publisher = {GitHub},
    journal = {GitHub repository},
    howpublished = {\url{https://github.com/ika-rwth-aachen/drone-dataset-tools}},
    commit = {719cf28be4ae0c2a82314176e0712d636a3854ec}
}